@article{Clancy201421,
title = "The cost of deterministic, adaptive, automatic algorithms: Cones, not balls ",
journal = "Journal of Complexity ",
volume = "30",
number = "1",
pages = "21 - 45",
year = "2014",
note = "",
issn = "0885-064X",
doi = "http://dx.doi.org/10.1016/j.jco.2013.09.002",
url = "http://www.sciencedirect.com/science/article/pii/S0885064X13000769",
author = "Nicholas Clancy and Yuhan Ding and Caleb Hamilton and Fred J. Hickernell and Yizhi Zhang",
keywords = "Function recovery",
keywords = "Guarantee",
keywords = "Integration",
keywords = "Quadrature "
}

@article{Gill2007603,
title = "Searching for extensible Korobov rules ",
journal = "Journal of Complexity ",
volume = "23",
number = "4–6",
pages = "603 - 613",
year = "2007",
note = "Festschrift for the 60th Birthday of Henryk Woźniakowski ",
issn = "0885-064X",
doi = "http://dx.doi.org/10.1016/j.jco.2007.01.005",
url = "http://www.sciencedirect.com/science/article/pii/S0885064X07000258",
author = "Hardeep S. Gill and Christiane Lemieux",
keywords = "Lattice sequences",
keywords = "Korobov rules",
keywords = "Highly uniform point sets "
}

