%% This BibTeX bibliography file was created using BibDesk.
%% http://bibdesk.sourceforge.net/


%% Created for Fred J. Hickernell at 2013-02-17 07:26:18 -0600 


%% Saved with string encoding Unicode (UTF-8) 


@preamble{"\def\Ignore#1{}"}
@preamble{"\def\notesupp#1{}"}


@string{acmtomacs = {ACM Trans.\ Model.\ Comput.\ Simul.}}

@string{acmtoms = {ACM Trans.\ Math.\ Software}}

@string{annstat = {Ann.\ Stat.}}

@string{art = {\Ignore{a}Refereed Journal Articles}}

@string{book = {\Ignore{b}Book}}

@string{chap = {\Ignore{c}Refereed and/or Invited Book Chapters and Conference Papers}}

@string{cma = {Comput.\ Math.\ Appl.}}

@string{ed = {\Ignore{d}Edited Volumes}}

@string{ijnam = {Int.\ J. Numer.\ Anal.\ Model.}}

@string{jasa = {J. Amer.\ Statist.\ Assoc.}}

@string{jcam = {J. Comput.\ Appl.\ Math.}}

@string{jcgs = {J. Comput.\ Graph.\ Statist.}}

@string{jcomp = {J. Complexity}}

@string{jcp = {J. Comput.\ Phys.}}

@string{jrssb = {J. Roy.\ Statist.\ Soc.\ B}}

@string{jspi = {J. Statist.\ Plann.\ Inference}}

@string{mc = {Math.\ Comp.}}

@string{mcm = {Math.\ Comput.\ Modelling}}

@string{mm = {Monatsh.\ Math.}}

@string{nummath = {Numer.\ Math.}}

@string{oth = {\Ignore{o}Other Publications}}

@string{pnas = {Proc.\ Natl.\ Acad.\ Sci.}}

@string{prep = {\Ignore{z}Manuscripts in Preparation}}

@string{sinum = {SIAM J. Numer.\ Anal.}}

@string{sirev = {SIAM Rev.}}

@string{sisc = {SIAM J. Sci.\ Comput.}}

@string{ss = {Statist.\ Sinica}}

@string{stam = {Stud.\ Appl.\ Math}}

@string{statprob = {Statist.\ Probab.\ Lett.}}

@string{sub = {\Ignore{u}Manuscripts Under Review}}

@article{HicNie03a,
	Author = {F. J. Hickernell and H. Niederreiter},
	Journal = JComp,
	Mr = {1 984 115},
	Pages = {286-300},
	Pubtype = art,
	Title = {The Existence of Good Extensible Rank-1 Lattices},
	Volume = {19},
	Year = 2003}

@online{dirknuyens,
  author = {D. Nuyens},
  title = {Rank-1 lattice sequence generator in base 2},
  year = 2013,
   note = {\ url{http://people.cs.kuleuven.be/~dirk.nuyens/qmc-generators/}, Accessed: 12/2013}
}