@book{walter,
  author={Walter Gautschi},
  title={Numerical Analysis An Introduction},
  year={1997},
  publisher={Birkhauser}
}

